<record><leader>00000cas a22000007a 4500</leader><controlfield tag="001">26339464</controlfield><controlfield tag="008">920806d191419uuwyudn ne      0    0eng d</controlfield><datafield ind1=" " ind2=" " tag="010"><subfield code="a">sn 92067156 </subfield></datafield><datafield ind1=" " ind2=" " tag="040"><subfield code="a">NVO</subfield><subfield code="b">eng</subfield><subfield code="c">NVO</subfield><subfield code="d">OCLCQ</subfield></datafield><datafield ind1=" " ind2=" " tag="042"><subfield code="a">msc</subfield></datafield><datafield ind1="0" ind2="4" tag="245"><subfield code="a">The Casper daily press.</subfield></datafield><datafield ind1="3" ind2="0" tag="246"><subfield code="a">Casper press</subfield></datafield><datafield ind1="1" ind2="3" tag="246"><subfield code="a">Casper Sunday press</subfield><subfield code="f">Nov. 3, 1918</subfield></datafield><datafield ind1=" " ind2=" " tag="260"><subfield code="a">Casper, Wyo. :</subfield><subfield code="b">Press Co.</subfield></datafield><datafield ind1=" " ind2=" " tag="300"><subfield code="a">v.</subfield></datafield><datafield ind1=" " ind2=" " tag="310"><subfield code="a">Daily (except Monday),</subfield><subfield code="b">June 16, 1918-&lt;Dec. 20, 1918&gt;</subfield></datafield><datafield ind1=" " ind2=" " tag="321"><subfield code="a">Daily (except Sunday),</subfield><subfield code="b">&lt;July 10, 1914&gt;-June 9, 1918</subfield></datafield><datafield ind1="1" ind2=" " tag="362"><subfield code="a">Began in 1914; ceased in 1919?</subfield><subfield code="z">Cf. Homsher, L. Guide to Wyoming newspapers, 1867-1967.</subfield></datafield><datafield ind1=" " ind2=" " tag="515"><subfield code="a">Suspended: Nov. 4-9, 1918.</subfield></datafield><datafield ind1=" " ind2=" " tag="580"><subfield code="a">Weekly eds.: Casper press, May 1908-May 1914; Casper weekly press; and The Casper record, 1917-&lt;Dec. 18, 1918&gt;.</subfield></datafield><datafield ind1=" " ind2=" " tag="588"><subfield code="a">Description based on: Vol. 1, no. 47 (July 10, 1914).</subfield></datafield><datafield ind1=" " ind2="4" tag="651"><subfield code="a">Casper (Wyo.)</subfield><subfield code="v">Newspapers.</subfield></datafield><datafield ind1=" " ind2="4" tag="651"><subfield code="a">Natrona County (Wyo.)</subfield><subfield code="v">Newspapers.</subfield></datafield><datafield ind1=" " ind2=" " tag="752"><subfield code="a">United States</subfield><subfield code="b">Wyoming</subfield><subfield code="c">Natrona</subfield><subfield code="d">Casper.</subfield></datafield><datafield ind1="1" ind2=" " tag="775"><subfield code="t">Casper press</subfield><subfield code="w">(DLC)sn 92067155</subfield></datafield><datafield ind1="1" ind2=" " tag="775"><subfield code="t">Casper weekly press</subfield><subfield code="w">(DLC)sn 92067127</subfield></datafield><datafield ind1="1" ind2=" " tag="775"><subfield code="t">Casper record</subfield><subfield code="w">(DLC)sn 92067158</subfield></datafield><datafield ind1="1" ind2=" " tag="029"><subfield code="a">AU@</subfield><subfield code="b">000020705122</subfield></datafield></record>